@article{zhang2017extracting,
  title={Extracting microtubule networks from superresolution single-molecule localization microscopy data},
  author={Zhang, Zhen and Nishimura, Yukako and Kanchanawong, Pakorn},
  journal={Molecular biology of the cell},
  volume={28},
  number={2},
  pages={333--345},
  year={2017},
  publisher={Am Soc Cell Biol}
}
@article{cerda2014geometrical,
  title={Geometrical constraints to improve elongated structures segmentation applied to actin filaments},
  author={Cerda, Mauricio and Toledo, Jorge and Hartel, S},
  year={2014},
  publisher={IET}
}
@article{doi:10.1021/ma502264c,
author = {Usov, Ivan and Mezzenga, Raffaele},
title = {FiberApp: An Open-Source Software for Tracking and Analyzing Polymers, Filaments, Biomacromolecules, and Fibrous Objects},
journal = {Macromolecules},
volume = {48},
number = {5},
pages = {1269-1280},
year = {2015},
doi = {10.1021/ma502264c},
URL = {https://doi.org/10.1021/ma502264c},
eprint = {https://doi.org/10.1021/ma502264c}
}
@article{boudaoud2014fibriltool,
  title={FibrilTool, an ImageJ plug-in to quantify fibrillar structures in raw microscopy images},
  author={Boudaoud, Arezki and Burian, Agata and Borowska-Wykr{\k{e}}t, Dorota and Uyttewaal, Magalie and Wrzalik, Roman and Kwiatkowska, Dorota and Hamant, Olivier},
  journal={Nature protocols},
  volume={9},
  number={2},
  pages={457},
  year={2014},
  publisher={Nature Publishing Group}
}
@article{lichtenstein2003quantitative,
  title={Quantitative analysis of cytoskeletal organization by digital fluorescent microscopy},
  author={Lichtenstein, Nurit and Geiger, Benjamin and Kam, Zvi},
  journal={Cytometry Part A},
  volume={54},
  number={1},
  pages={8--18},
  year={2003},
  publisher={Wiley Online Library}
}
@article{breuer2015define,
  title={DeFiNe: an optimisation-based method for robust disentangling of filamentous networks},
  author={Breuer, David and Nikoloski, Zoran},
  journal={Scientific reports},
  volume={5},
  pages={18267},
  year={2015},
  publisher={Nature Publishing Group}
}
@article{asgharzadeh2018computational,
  title={Computational 3D imaging to quantify structural components and assembly of protein networks},
  author={Asgharzadeh, Pouyan and {\"O}zdemir, Bugra and Reski, Ralf and R{\"o}hrle, Oliver and Birkhold, Annette I},
  journal={Acta biomaterialia},
  volume={69},
  pages={206--217},
  year={2018},
  publisher={Elsevier}
}
@article{qiu2014quantitative,
  title={Quantitative morphological analysis of curvilinear network for microscopic image based on individual fibre segmentation (IFS)},
  author={Qiu, Jun and LI, F},
  journal={Journal of microscopy},
  volume={256},
  number={3},
  pages={153--165},
  year={2014},
  publisher={Wiley Online Library}
}
@article{xu2015soax,
  title={SOAX: a software for quantification of 3D biopolymer networks},
  author={Xu, Ting and Vavylonis, Dimitrios and Tsai, Feng-Ching and Koenderink, Gijsje H and Nie, Wei and Yusuf, Eddy and Lee, I-Ju and Wu, Jian-Qiu and Huang, Xiaolei},
  journal={Scientific reports},
  volume={5},
  pages={9081},
  year={2015},
  publisher={Nature Publishing Group}
}
@article{alioscha2016robust,
  title={A robust actin filaments image analysis framework},
  author={Alioscha-Perez, Mitchel and Benadiba, Carine and Goossens, Katty and Kasas, Sandor and Dietler, Giovanni and Willaert, Ronnie and Sahli, Hichem},
  journal={PLoS computational biology},
  volume={12},
  number={8},
  pages={e1005063},
  year={2016},
  publisher={Public Library of Science}
}
@article{meilua2007comparing,
  title={Comparing clusteringsâ€”an information based distance},
  author={Meil{\u{a}}, Marina},
  journal={Journal of multivariate analysis},
  volume={98},
  number={5},
  pages={873--895},
  year={2007},
  publisher={Elsevier}
}
% sin usar
@article{xu2018automated,
  title={Automated Tracking of Biopolymer Growth and Network Deformation with TSOAX},
  author={Xu, Ting and Langouras, Christos and Koudehi, Maral Adeli and Vos, Bart E and Wang, Ning and Koenderink, Gijsje H and Huang, Xiaolei and Vavylonis, Dimitrios},
  journal={bioRxiv},
  pages={316489},
  year={2018},
  publisher={Cold Spring Harbor Laboratory}
}
@inproceedings{liu2012automatic,
  title={Automatic segmentation and analysis of fibrin networks in 3D confocal microscopy images},
  author={Liu, Xiaomin and Mu, Jian and Machlus, Kellie R and Wolberg, Alisa S and Rosen, Elliot D and Xu, Zhiliang and Alber, Mark S and Chen, Danny Z},
  booktitle={Medical Imaging 2012: Image Processing},
  volume={8314},
  pages={831439},
  year={2012},
  organization={International Society for Optics and Photonics}
}
% ALT
@article{mayr2018localization,
  title={Localization Microscopy of Actin Cytoskeleton in Human Platelets},
  author={Mayr, Sandra and Hauser, Fabian and Peterbauer, Anja and Tauscher, Andreas and Naderer, Christoph and Axmann, Markus and Plochberger, Birgit and Jacak, Jaroslaw},
  journal={International journal of molecular sciences},
  volume={19},
  number={4},
  pages={1150},
  year={2018},
  publisher={Multidisciplinary Digital Publishing Institute}
}
%Parallel Jaccard
@inproceedings{fender2017parallel,
  title={Parallel jaccard and related graph clustering techniques},
  author={Fender, Alexandre and Emad, Nahid and Petiton, Serge and Eaton, Joe and Naumov, Maxim},
  booktitle={Proceedings of the 8th Workshop on Latest Advances in Scalable Algorithms for Large-Scale Systems},
  pages={4},
  year={2017},
  organization={ACM}
}

%template examples
@BOOK{KAR00,
  title = {Brownian Motion and Stochastic Calculus},
  publisher = {Springer},
  year = {2000},
  author = {Ioannis Karatzas. and Steven E. Shreve},
  address = {Berlin},
  edition = {2nd},
  added-at = {2009-03-03T17:19:04.000+0100},
  biburl = {http://www.bibsonomy.org/bibtex/2efd586067c62cfd524368a2caa3ff70e/bronckobuster},
  interhash = {2d18584226b8fde7d4e5154309f4268c},
  intrahash = {efd586067c62cfd524368a2caa3ff70e},
  keywords = {imported},
  nota = {gst:},
  timestamp = {2009-03-03T17:19:04.000+0100}
}

@BOOK{Pro1990,
  title = {Stochastic Integration and Differential Equations},
  publisher = {Springer},
  year = {1990},
  author = {Protter, Philip},
  added-at = {2008-03-07T17:14:08.000+0100},
  biburl = {http://www.bibsonomy.org/bibtex/2d68435e7d88e42c06a1ee6143a2f0c25/alex},
  interhash = {770eb527cd5c3a7649b952496b8e3aa6},
  intrahash = {d68435e7d88e42c06a1ee6143a2f0c25},
  keywords = {integration stochastics stochastik},
  timestamp = {2008-03-07T17:14:08.000+0100}
}

@BOOK{GVK25295551X,
  title = {Continuous martingales and Brownian motion},
  publisher = {Springer},
  year = {1999},
  author = {Revuz, {Daniel} and Yor, {Marc}},
  number = {293},
  series = {Grundlehren der mathematischen Wissenschaften},
  address = {Berlin [u.a.]},
  edition = {3. ed},
  added-at = {2009-08-21T11:04:17.000+0200},
  biburl = {http://www.bibsonomy.org/bibtex/23311a243311e26aface17433292a5e30/fbw_hannover},
  interhash = {8bf02539150574460aa1e3b15ca0a9c4},
  intrahash = {3311a243311e26aface17433292a5e30},
  isbn = {3540643257},
  keywords = {Brownsche_Bewegung Martingal Mathematische_Methoden_der_Physik Stochastische_Analysis
	Thermodynamik Wahrscheinlichkeitsrechnung statistische_Physik},
  pagetotal = {XIII, 602},
  ppn_gvk = {25295551X},
  timestamp = {2009-08-21T11:04:17.000+0200},
  url = {http://gso.gbv.de/DB=2.1/CMD?ACT=SRCHA&SRT=YOP&IKT=1016&TRM=ppn+25295551X&sourceid=fbw_bibsonomy}
}